<collection xmlns="http://www.loc.gov/MARC21/slim">
<record>
  <leader>02151nam0a2200325 i 450 </leader>
  <controlfield tag="001">IT\ICCU\CNCE\040082</controlfield>
  <controlfield tag="005">20071031000000.0</controlfield>
  <datafield tag="012" ind1=" " ind2=" ">
    <subfield code="a">tono 87a, t-he modi (3) 1572 (R)</subfield>
    <subfield code="2">fei</subfield>
  </datafield>
  <datafield tag="100" ind1=" " ind2=" ">
    <subfield code="a">19981103d1572        0itac0103    ba</subfield>
  </datafield>
  <datafield tag="101" ind1=" " ind2=" ">
    <subfield code="a">ITA</subfield>
  </datafield>
  <datafield tag="102" ind1=" " ind2=" ">
    <subfield code="a">IT</subfield>
  </datafield>
  <datafield tag="200" ind1="1" ind2=" ">
    <subfield code="a">Secreti diuersi et miracolosi, nuouamente ristampati, et a commun beneficio di ciascuno, distinti in tre libri. Nel primo de&apos; quali si contiene il modo di fare diuersi olij, ceroti, onguenti, ontioni, elettuarij, pillole, &amp; infiniti altri medicamenti. Nel secondo s&apos;insegna a fare diuerse sorti di uini, et acque molto salutifere. Nel terzo si contengono alcuni importantissimi secreti d&apos;alchimia, &amp; altri secreti diletteuoli, &amp; curiosi. Raccolti dal Falloppia, et approuati da altri medici di gran fama</subfield>
  </datafield>
  <datafield tag="210" ind1=" " ind2=" ">
    <subfield code="a">In Venetia</subfield>
    <subfield code="c">appresso Gio. Francesco Camozio</subfield>
    <subfield code="d">1572</subfield>
  </datafield>
  <datafield tag="215" ind1=" " ind2=" ">
    <subfield code="a">\32!, 366 p.</subfield>
    <subfield code="d">8ʻ</subfield>
  </datafield>
  <datafield tag="620" ind1=" " ind2=" ">
    <subfield code="a">IT</subfield>
    <subfield code="d">Venezia</subfield>
  </datafield>
  <datafield tag="700" ind1=" " ind2="1">
    <subfield code="a">Falloppio,</subfield>
    <subfield code="b">Gabriele</subfield>
    <subfield code="3">IT\ICCU\CNCA\005237</subfield>
  </datafield>
  <datafield tag="712" ind1="0" ind2="0">
    <subfield code="a">Camocio, Giovanni Francesco</subfield>
    <subfield code="3">IT\ICCU\CNCT\000455</subfield>
    <subfield code="4">650</subfield>
  </datafield>
  <datafield tag="790" ind1=" " ind2="1">
    <subfield code="a">Falloppio,</subfield>
    <subfield code="b">Gabriello</subfield>
    <subfield code="3">IT\ICCU\CNCA\019271</subfield>
    <subfield code="z">Falloppio, Gabriele</subfield>
  </datafield>
  <datafield tag="790" ind1=" " ind2="1">
    <subfield code="a">Falloppia,</subfield>
    <subfield code="b">Gabriele</subfield>
    <subfield code="3">IT\ICCU\CNCA\019272</subfield>
    <subfield code="z">Falloppio, Gabriele</subfield>
  </datafield>
  <datafield tag="790" ind1=" " ind2="1">
    <subfield code="a">Fallopius,</subfield>
    <subfield code="b">Gabriel</subfield>
    <subfield code="3">IT\ICCU\CNCA\019273</subfield>
    <subfield code="z">Falloppio, Gabriele</subfield>
  </datafield>
  <datafield tag="791" ind1="0" ind2="0">
    <subfield code="a">Camotius, Ioannes Franciscus</subfield>
    <subfield code="3">IT\ICCU\CNCT\003659</subfield>
    <subfield code="z">Camocio, Giovanni Francesco</subfield>
  </datafield>
  <datafield tag="791" ind1="0" ind2="0">
    <subfield code="a">Camozio, Giovanni Francesco</subfield>
    <subfield code="3">IT\ICCU\CNCT\003660</subfield>
    <subfield code="z">Camocio, Giovanni Francesco</subfield>
  </datafield>
  <datafield tag="791" ind1="0" ind2="0">
    <subfield code="a">Camocius, Ioannes Franciscus</subfield>
    <subfield code="3">IT\ICCU\CNCT\004415</subfield>
    <subfield code="z">Camocio, Giovanni Francesco</subfield>
  </datafield>
  <datafield tag="791" ind1="0" ind2="0">
    <subfield code="a">Camotio, Gioan Francesco</subfield>
    <subfield code="3">IT\ICCU\CNCT\004418</subfield>
    <subfield code="z">Camocio, Giovanni Francesco</subfield>
  </datafield>
  <datafield tag="801" ind1=" " ind2="3">
    <subfield code="a">IT</subfield>
    <subfield code="b">ICCU</subfield>
    <subfield code="c">20201114</subfield>
  </datafield>
  <datafield tag="899" ind1=" " ind2=" ">
    <subfield code="a">Biblioteca civica Queriniana. Brescia</subfield>
    <subfield code="1">BS0026</subfield>
    <subfield code="2">ZBS 01</subfield>
  </datafield>
  <datafield tag="899" ind1=" " ind2=" ">
    <subfield code="a">Biblioteca Marucelliana. Firenze</subfield>
    <subfield code="1">FI0101</subfield>
    <subfield code="2">CFI MF</subfield>
  </datafield>
  <datafield tag="899" ind1=" " ind2=" ">
    <subfield code="a">Biblioteca universitaria. Padova</subfield>
    <subfield code="z">MUTILO</subfield>
    <subfield code="1">PD0158</subfield>
    <subfield code="2">PUV 00</subfield>
  </datafield>
  <datafield tag="911" ind1=" " ind2=" ">
    <subfield code="a">Sul front.</subfield>
    <subfield code="9">IT\ICCU\CNCM\000490</subfield>
  </datafield>
  <datafield tag="921" ind1=" " ind2=" ">
    <subfield code="a">IT\ICCU\CNCM\000490</subfield>
    <subfield code="b">Piramide variegata sostenuta da quattro sfere su un piedistallo rettangolare. Tra piramide e piedistallo esce una testa di serpente</subfield>
    <subfield code="e">Prudentia perpetuat.</subfield>
    <subfield code="c">A14</subfield>
    <subfield code="c">V52</subfield>
    <subfield code="c">Z967</subfield>
    <subfield code="f">PIRAMIDE</subfield>
    <subfield code="f">PRUDENTIAP</subfield>
    <subfield code="g">1552-1599</subfield>
  </datafield>
</record>
</collection>
